@misc{Linux:Memdoc,
author 		= {{Linux Kernel}},
title 		= {{Linux Kernel Documentation}},
year 		= 2017,
month 		= Mai,
howpublished= {\url{https://www.kernel.org/doc/Documentation/vm/numa_memory_policy.txt}},
note		= "[Online; Access Mai. 2017]"
}
@misc{CUDA:Toolkit,
	author 		= {{NVidia}},
	title 		= {{CUDA Toolkit Documentation}},
	year 		= 2017,
	month 		= Mai,
	howpublished= {\url{http://docs.nvidia.com/cuda}},
	note		= "[Online; Access Mai. 2017]"
}

@misc{HWLOC:doc,
	author 		= {{OpenMPI Group}},
	title 		= {{HWLOC 1.11.2 Documentation}},
	year 		= 2017,
	month 		= Mai,
	howpublished= {\url{https://www.open-mpi.org/projects/hwloc/doc/hwloc-v1.11.2-a4.pdf}},
	note		= "[Online; Access Mai. 2017]"
}
@book{sphinx:book,
	title		= {{Introduction to Search with Sphinx: From Installation to Relevance Tuning}},
	author	= {{Aksyonoff, A.}},
	isbn		= {9780596809553},
	lccn		= {2011377906},
	url		= {http://books.google.de/books?id=z\_FUVJwneIQC},
	year		= {2011},
	publisher	= {O'Reilly Media, Incorporated}
}